@article{bevilaqua2016analise,
  title={An{\'a}lise dos frameworks Eclipse Kura, The Thing Box e WebIOPi no desenvolvimento de aplica{\c{c}}{\~o}es da Internet das Coisas (IoT)},
  author={Bevilaqua, Vinicius Aurelio},
  year={2016}
}
